@Book{GSM2009,
author = {J\"{o}rg Ebersp\"{a}cher and Hans-J\"{o}rg V\"{o}gel and Christian Bettstetter and Christian Hartmann},
editor = {John Wiley \& Sons},
title = {GSM -- Architecture, Protocols and Services},
publisher = {Wiley},
year = {2009}
}

@Book{protocols1999,
title={GSM networks: protocols, terminology, and implementation},
author={Heine, G.},
year={1999},
publisher={Artech House}
}

@Book{kommsys2006,
title={Grundkurs mobile Kommunikationssysteme : von UMTS, GSM und GRPS zu Wireless LAN und Bluetooth Piconetzen},
author={Martin Sauter},
year={2006},
publisher={Vieweg}
}

@article{overview1994,
title={Overview of GSM: philosophy and results},
author={Haug, T.},
journal={International Journal of Wireless Information Networks},
volume={1},
number={1},
pages={7--16},
year={1994},
publisher={Springer}
}

@article{overview1996,
title={Overview of GSM: The global system for mobile communications},
author={Scourias, J.},
journal={University of Waterloo},
year={1996}
}

@Misc{GSM_history2011,
title = {Brief History of GSM and the GSMA},
year = {2011},
note = {[Accessed: 28/11/2011]},
key = {gsm.org},
howpublished = {\url{http://www.gsm.org/about-us/history.htm}}
}

@Misc{GSM_stats2011,
title = {GSM/3g Stats},
year = {2011},
note = {[Accessed: 28/11/2011]},
key = {gsacom.com},
howpublished = {\url{http://www.gsacom.com/news/statistics.php4}}
}

@Misc{hsdpa,
title = {{UE} Radio Access capabilities},
series = {Technical Specification},
number = {25.306},
year = {2011},
key = {hsdpa},
howpublished = {3GPP TS 25.306, \url{http://www.3gpp.org/ftp/Specs/html-info/25306.htm}}
}

@Misc{hsupa,
title = {Medium Access Control (MAC) protocol specification},
year = {2011},
key = {hsupa},
howpublished = {3GPP TS 25.321, \url{http://www.3gpp.org/ftp/Specs/html-info/25321.htm}}
}

@article{3gpp_Proposal2000,
title={The 3GPP proposal for IMT-2000},
author={Chaudhury, P. and Mohr, W. and Onoe, S.},
journal={Communications Magazine, IEEE},
volume={37},
number={12},
pages={72--81},
year={1999},
publisher={IEEE}
}

@article{ITU1200,
title={Intelligent Network},
author={{Telecomunication standardization sector of ITU}},
journal={SERIES Q: Switching and Signaling},
volume={Q1200},
number={7},
year={1997},
publisher={ITU}
}

@Misc{GSM0207,
title = {Digital cellular telecommunications system (Phase 2+): Mobile Stations (MS) features},
series = {Technical Specification},
number = {02.07},
year = {2000},
howpublished = {GSM 02.07, \url{http://www.3gpp.org/ftp/Specs/archive/02_series/02.07/0207-710.zip}}
}

@Misc{GSM0505,
title = {Radio Access Network: Radio transmission and reception},
series = {Technical Specification},
number = {05.05},
year = {1999},
howpublished = {GSM 05.05, \url{http://www.3gpp.org/ftp/Specs/archive/05_series/05.05/0505-8k0.zip}}
}

@Misc{GSM23003,
title = {Numbering, addressing and identification},
series = {Technical Specification},
number = {23.003},
year = {2011},
howpublished = {GSM 23.003, \url{http://www.3gpp.org/ftp/Specs/archive/23_series/23.003/23003-a30.zip}}
}

@Misc{ISO7810,
title = {Identification cards -- Physical characteristics},
series = {ISO},
number = {7810:2003},
year = {2003},
howpublished = {ISO/IEC 7810:2003, \url{http://www.iso.org/iso/iso_catalogue/catalogue_tc/catalogue_detail.htm?csnumber=31432}}
}

@Misc{ITU212,
title={List of Mobile Country or Geographical Area Codes},
author={{Telecomunication standardization sector of ITU}},
journal={Annex to ITU Operational Bulletin},
volume={953},
year={2010},
publisher={ITU}
}

@Misc{GSM23078,
title = {Customised Applications for Mobile network Enhanced Logic},
series = {Technical Specification},
number = {23.078},
year = {2011},
howpublished = {GSM 23.078, \url{http://www.3gpp.org/ftp/Specs/archive/23_series/23.078/23078-b00.zip}}
}